<record><leader>00000cas a2200000 a 4500</leader><controlfield tag="001">9439354</controlfield><controlfield tag="008">830422d18261830meuwr ne      0    0eng  </controlfield><datafield ind1=" " ind2=" " tag="010"><subfield code="a">sn 83016133 </subfield></datafield><datafield ind1=" " ind2=" " tag="040"><subfield code="a">DLC</subfield><subfield code="b">eng</subfield><subfield code="c">DLC</subfield><subfield code="d">NPX</subfield><subfield code="d">NPU</subfield><subfield code="d">DLC</subfield><subfield code="d">YOX</subfield><subfield code="d">CNW</subfield><subfield code="d">CNK</subfield><subfield code="d">MBN</subfield><subfield code="d">OCL</subfield><subfield code="d">DLC</subfield><subfield code="d">OCLCQ</subfield><subfield code="d">OCLCO</subfield><subfield code="d">OCLCF</subfield></datafield><datafield ind1="1" ind2=" " tag="029"><subfield code="a">AU@</subfield><subfield code="b">000020121500</subfield></datafield><datafield ind1=" " ind2=" " tag="042"><subfield code="a">pcc</subfield></datafield><datafield ind1=" " ind2=" " tag="043"><subfield code="a">n-us-me</subfield></datafield><datafield ind1="0" ind2="0" tag="050"><subfield code="a">Newspaper</subfield></datafield><datafield ind1="0" ind2="0" tag="245"><subfield code="a">Maine palladium.</subfield></datafield><datafield ind1=" " ind2=" " tag="260"><subfield code="a">Saco [Me.] :</subfield><subfield code="b">Putnam &amp; Blake</subfield></datafield><datafield ind1=" " ind2=" " tag="300"><subfield code="a">v. :</subfield><subfield code="b">ill. (chiefly advertisements) ;</subfield><subfield code="c">52-54 cm.</subfield></datafield><datafield ind1=" " ind2=" " tag="310"><subfield code="a">Weekly</subfield></datafield><datafield ind1="0" ind2=" " tag="362"><subfield code="a">Vol. 1, no. 1 (Mar. 15, 1826)-</subfield></datafield><datafield ind1=" " ind2=" " tag="500"><subfield code="a">"Devoted to agriculture, commerce, manufactures, politicks, sciences, morality and religion."</subfield></datafield><datafield ind1=" " ind2=" " tag="500"><subfield code="a">Publisher: Alex C. Putnam, 1828-1830.</subfield></datafield><datafield ind1=" " ind2=" " tag="530"><subfield code="a">Also avaliable on microfilm from the Library of Congress, Photoduplication Service.</subfield></datafield><datafield ind1=" " ind2=" " tag="580"><subfield code="a">Merged with: Kennebunk gazette (Kennebunk, Me. : 1821), to form: Kennebunk gazette and Maine palladium.</subfield></datafield><datafield ind1=" " ind2="0" tag="651"><subfield code="a">Saco (Me.)</subfield><subfield code="v">Newspapers.</subfield></datafield><datafield ind1=" " ind2="7" tag="655"><subfield code="a">Newspapers.</subfield><subfield code="2">fast</subfield><subfield code="0">(OCoLC)fst01423814</subfield></datafield><datafield ind1=" " ind2="7" tag="651"><subfield code="a">Maine</subfield><subfield code="z">Saco.</subfield><subfield code="2">fast</subfield><subfield code="0">(OCoLC)fst01218837</subfield></datafield><datafield ind1=" " ind2=" " tag="752"><subfield code="a">United States</subfield><subfield code="b">Maine</subfield><subfield code="c">York</subfield><subfield code="d">Saco.</subfield></datafield><datafield ind1="1" ind2="7" tag="785"><subfield code="t">Kennebunk gazette (Kennebunk, Me. : 1821)</subfield><subfield code="w">(DLC)sn 84022177</subfield></datafield><datafield ind1="1" ind2="7" tag="785"><subfield code="t">Kennebunk gazette and Maine palladium</subfield><subfield code="w">(DLC)sn 83009617</subfield></datafield></record>